<record><leader>00000cas a22000007a 4500</leader><controlfield tag="001">10249265</controlfield><controlfield tag="008">831223d19381979ohuwr ne      0    0eng d</controlfield><datafield ind1=" " ind2=" " tag="010"><subfield code="a">sn 83035680 </subfield></datafield><datafield ind1=" " ind2=" " tag="040"><subfield code="a">NPY</subfield><subfield code="b">eng</subfield><subfield code="c">NPY</subfield><subfield code="d">ONP</subfield><subfield code="d">OCLCQ</subfield></datafield><datafield ind1=" " ind2=" " tag="042"><subfield code="a">msc</subfield></datafield><datafield ind1="0" ind2="0" tag="245"><subfield code="a">Euclid news-journal.</subfield></datafield><datafield ind1=" " ind2=" " tag="260"><subfield code="a">Euclid, Ohio :</subfield><subfield code="b">Euclid Home Pub. Co.,</subfield><subfield code="c">1938-1979.</subfield></datafield><datafield ind1=" " ind2=" " tag="300"><subfield code="a">v. :</subfield><subfield code="b">ill. ;</subfield><subfield code="c">58 cm.</subfield></datafield><datafield ind1=" " ind2=" " tag="310"><subfield code="a">Weekly</subfield></datafield><datafield ind1="0" ind2=" " tag="362"><subfield code="a">Vol. 1, no. 11 (May 6, 1938)-v. 42, no. 43 (Oct. 25, 1979).</subfield></datafield><datafield ind1=" " ind2=" " tag="500"><subfield code="a">Published on Thursday.</subfield></datafield><datafield ind1=" " ind2=" " tag="500"><subfield code="a">Editors: C.E. Bowman, &lt;1948-1960&gt;; Dorothy B. McCracken, &lt;1969-1979&gt;.</subfield></datafield><datafield ind1=" " ind2=" " tag="580"><subfield code="a">Published in conjuction with: The Scoop in Northeast Cleveland, and: The East Cleveland leader.</subfield></datafield><datafield ind1="1" ind2=" " tag="700"><subfield code="a">Bowman, Clarance E.,</subfield><subfield code="d">-1961.</subfield></datafield><datafield ind1="1" ind2=" " tag="700"><subfield code="a">McCracken, Dorothy B.</subfield></datafield><datafield ind1=" " ind2=" " tag="752"><subfield code="a">United States</subfield><subfield code="b">Ohio</subfield><subfield code="c">Cuyahoga</subfield><subfield code="d">Euclid.</subfield></datafield><datafield ind1="0" ind2="0" tag="780"><subfield code="t">Euclid journal and Northeast advertiser</subfield><subfield code="w">(DLC)sn 90068266</subfield></datafield><datafield ind1="0" ind2="0" tag="785"><subfield code="t">Euclid sun journal</subfield><subfield code="w">(DLC)sn 83035681</subfield></datafield><datafield ind1="1" ind2=" " tag="787"><subfield code="t">Scoop (Cleveland, Ohio : 1919)</subfield><subfield code="w">(DLC)sn 83035677</subfield></datafield><datafield ind1="1" ind2=" " tag="787"><subfield code="t">East Cleveland leader</subfield><subfield code="w">(DLC)sn 83035682</subfield></datafield></record>